111111111111111111111111111111111111111111111111111111111111111111111111111111111111111111111111111111111111111111111111111111
222222222222222222222222222222222222222222222222222222222222222222222222222222222222222222222222222222222222222222222222222222
333333333333333333333333333333333333333333333333333333333333333333333333333333333333333333333333333333333333333333333333333333
444444444444444444444444444444444444444444444444444444444444444444444444444444444444444444444444444444444444444444444444444444
555555555555555555555555555555555555555555555555555555555555555555555555555555555555555555555555555555555555555555555555555555
666666666666666666666666666666666666666666666666666666666666666666666666666666666666666666666666666666666666666666666666666666
777777777777777777777777777777777777777777777777777777777777777777777777777777777777777777777777777777777777777777777777777777
888888888888888888888888888888888888888888888888888888888888888888888888888888888888888888888888888888888888888888888888888888
999999999999999999999999999999999999999999999999999999999999999999999999999999999999999999999999999999999999999999999999999999
101010101010101010101010101010101010101010101010101010101010101010101010101010101010101010101010101010101010101010101010101010
111111111111111111111111111111111111111111111111111111111111111111111111111111111111111111111111111111111111111111111111111111
121212121212121212121212121212121212121212121212121212121212121212121212121212121212121212121212121212121212121212121212121212
131313131313131313131313131313131313131313131313131313131313131313131313131313131313131313131313131313131313131313131313131313
141414141414141414141414141414141414141414141414141414141414141414141414141414141414141414141414141414141414141414141414141414
151515151515151515151515151515151515151515151515151515151515151515151515151515151515151515151515151515151515151515151515151515
161616161616161616161616161616161616161616161616161616161616161616161616161616161616161616161616161616161616161616161616161616
